@inproceedings{vargas2015artificial,
  title={Artificial musical pattern generation with genetic algorithms},
  author={V{\'\i}lchez, Francisco and Fuster, Jose Astuvilca and Castan{\'o}n, C{\'e}sar Beltr{\'a}n},
  booktitle={2015 Latin America Congress on Computational Intelligence (LA-CCI)},
  pages={1--5},
  year={2015},
  organization={IEEE}
}

@inproceedings{45871,
  title	= {Generating Music by Fine-Tuning Recurrent Neural Networks with Reinforcement Learning},
  author	= {Natasha Jaques and Shixiang Gu and Richard E. Turner and Douglas Eck},
  year	= {2016},
  booktitle	= {Deep Reinforcement Learning Workshop, NIPS}
}