@inproceedings{deeprl2016music,
  title	= {Generating Music by Fine-Tuning Recurrent Neural Networks with Reinforcement Learning},
  author	= {Natasha Jaques and Shixiang Gu and Richard E. Turner and Douglas Eck},
  year	= {2016},
  booktitle	= {Deep Reinforcement Learning Workshop, NIPS}
}

@inproceedings{magenta2018,
title	= {Magenta.js: A JavaScript API for Augmenting Creativity with Deep Learning},
author	= {Adam Roberts and Curtis Hawthorne and Ian Simon},
year	= {2018},
booktitle	= {Joint Workshop on Machine Learning for Music (ICML)}
}

@misc{briot2019survey,
      title={Deep Learning Techniques for Music Generation -- A Survey}, 
      author={Jean-Pierre Briot and Gaëtan Hadjeres and François-David Pachet},
      year={2019},
      eprint={1709.01620},
      archivePrefix={arXiv},
      primaryClass={cs.SD}
}

@article{connectionist1989,
  title={A Connectionist Approach To Algorithmic Composition},
  author={P. Todd and G. Loy},
  journal={Computer Music Journal},
  year={1989},
  volume={13},
  pages={173-194}
}

@inproceedings{biles2013lessons,
  title={Performing with technology: Lessons learned from the genjam project},
  author={Biles, John A},
  booktitle={Ninth Artificial Intelligence and Interactive Digital Entertainment Conference},
  year={2013},
  organization={Citeseer}
}

@inproceedings{eck2002blues,
  title={Finding temporal structure in music: Blues improvisation with LSTM recurrent networks},
  author={Eck, Douglas and Schmidhuber, Juergen},
  booktitle={Proceedings of the 12th IEEE workshop on neural networks for signal processing},
  pages={747--756},
  year={2002},
  organization={IEEE}
}

@inproceedings{vilchez2015genetic,
  title={Artificial musical pattern generation with genetic algorithms},
  author={V{\'\i}lchez, Francisco and Fuster, Jose Astuvilca and Castan{\'o}n, C{\'e}sar Beltr{\'a}n},
  booktitle={2015 Latin America Congress on Computational Intelligence (LA-CCI)},
  pages={1--5},
  year={2015},
  organization={IEEE}
}